@BOOK{Nanetti2003,
	author = {Franco Nanetti},
	title = {Il counseling: modelli a confronto},
	year = {2003},
	publisher = {Edizioni Quattro Venti},
	place = {Urbino},
}

@BOOK{Tufte2001,
	author = {Edward R. Tufte},
	title = {The Visual Display of Quantitative Information},
	publisher = {Graphics Press}
	place = {Cheshire, CT},
	year = {2001},
}

@BOOK{Tufte1990,
	author = {Edward R. Tufte},
	title = {Envisioning Information},
	publisher = {Graphics Press},
	place = {Cheshire, CT},
	year = {1990}
}

@BOOK{Mittelbach2004,
	author = {Frank Mittelbach and Michel Goossens},
	title = {The \LaTeX\ Companion},
	publisher = {Addison Wesley},
	place = {Reading, MA},
	year = {2004}
}

@BOOK{TecnicheCostruttiviste,
	author = {M. Armezzani and F. Grimaldi and L. Pezzullo},
	title = {Tecniche costruttiviste per la diagnosi psicologica},
	publisher = {McGraw-Hill},
	place = {New York, NY},
	year = {2003}
}

@BOOK{at,
	author = {Ian Stewart and Vann Joines},
	title = {L'Analisi Transazionale---Guida alla psicologia dei rapporti umani},
	publisher = {Garzanti},
	place = {Milano},
	year = {1990}
}

@BOOK{100anni,
	author = {James Hillman and Michael Ventura},
	title = {Cent'anni di psicanalisi (e il mondo va sempre peggio)},
	publisher = {BUR},
	place = {Milano},
	year = {2006},
}

@BOOK{ret,
	author = {Cesare {De Silvestri}},
	title = {I fondamenti teorici e clinici della Terapia Razionale Emotiva},
	publisher = {Astrolabio},
	place = {Roma},
	year = {2006}
}

@BOOK{texbook,
	author = {Donald E. Knuth},
	title = {The \TeX book},
	publisher = {Addison Wesley},
	place = {Reading, MA},
	year = {1984}
}

@BOOK{consciousness,
	author = {Daniel C. Dennett},
	title = {Consciousness Explained},
	publisher = {Penguin Books},
	place = {London},
	year = {1993},
	isbn = {0-140-12867-0}
}

@BOOK{hb,
	editor = {Daniel Kahneman and Paul Slovic and Amos Tversky},
	title = {Judgment under uncertainty: Heuristics and Biases},
	publisher = {Cambridge University Press},
	place = {Cambridge},
year = {2008},
}

@BOOK{fooled,
	author = {Nicholas Nassim Taleb},
	title = {Fooled by Randomness},
	publisher = {Penguin Books},
	edition = {second},
	place = {London},
	year = {2007}
}

@BOOK{fisicaefil,
author = {Werner Heisenberg},
title = {Fisica e filosofia},
publisher = {},
edition = {},
	place = {},
year = {}
}

@BOOK{hagakure,
author = {Yamamoto Tsunetomo},
title = {Hagakure},
publisher = {Oscar Mondadori},
	place = {Milano},
year = {2001}
}

@BOOK{blackswan,
author = {Nicholas Nassim Taleb},
title = {The Black Swan},
publisher = {Random House},
	place = {New York, NY},
year = {2007}
}

@Book{predirr,
author = {Dan Ariely},
title = {Predictably Irrational},
publisher = {HarperCollins},
	place = {London},
year = {2009},
}

@Book{magic,
author = {L. Michael Hall},
title = {The Sourcebook of Magic},
publisher = {Crown House},
	place = {Bethel, CT},
year = {2004},
}

@Book{sleight,
author = {Robert B. Dilts},
title = {Sleight of Mouth},
publisher = {Meta Publications},
	place = {Capitola, CA},
year = {1999},
}

@Book{attili2004,
author = {Grazia Attili},
title = {Attaccamento e amore},
publisher = {Il Mulino},
year = {2004},
}

@Book{giochi,
author = {Eric Berne},
title = {A che gioco giochiamo},
publisher = {Bompiani},
place={Milano}
year = {1977}
}

@Book{carkhuff,
author = {Robert Carkhuff},
title = {L'arte di aiutare},
publisher = {Erickson},
place={Trento}
year = {1988}
}

@Book{gestalt,
author = {S. Ginger},
title = {La Gestalt--terapia del con-tatto emotivo},
publisher = {Edizioni Mediterranee},
place={Roma}
year = {2004}
}

@Book{goleman,
author = {Daniel Goleman},
title = {Intelligenza emotiva},
publisher = {Rizzoli},
place={Milano}
year = {1996}
}

@Book{costellazioni,
author = {Bert Hellinger},
title = {Costellazioni familiari},
publisher = {Tecniche Nuove},
place={Milano}
year = {2006}
}

@Book{voice,
editor = {Sidney Rosen},
title = {My Voice Will Go With You},
publisher = {W. W. Norton and Co.},
year = {1991},
}

@Book{Nanetti2007,
author = {Franco Nanetti},
title = {Counseling transpersonale},
publisher = {AIPAC},
place={Milano}
year = {2007},
}

@Book{May1991,
author = {Rollo May},
title = {L'arte del counseling},
publisher = {Astrolabio},
place={Roma}
year = {1991},
}

@Book{CounselingNarrativo,
author = {J. Milner, P. O'Brien},
title = {Il counseling narrativo},
publisher = {Erickson},
place={Trento}
year = {2004},
}

@Book{morineau2003,
author = {J. Morineau},
title = {Lo spirito della mediazione},
publisher = {Franco Angeli},
place={Milano}
year = {2003},
}

@Book{Nanetti2006,
author = {Franco Nanetti},
title = {Gli itinerari dell'amore},
publisher = {Pendragon},
place={Bologna}
year = {2006},
}

@Book{Nanetti2006-2,
author = {Franco Nanetti},
title = {Dialoghi fra psiche e soma},
publisher = {Magi},
place={Roma}
year = {2006},
}

@Book{cambiamento,
author = {Franco Nanetti},
title = {Il cambiamento intenzionale},
publisher = {Pendragon},
place={Bologna}
year = {2007},
}

@Book{momenti,
author = {Franco Nanetti},
title = {Superare i momenti di crisi},
publisher = {Pendragon},
place={Bologna}
year = {2007},
}

@Book{assertivita,
author = {Franco nanetti},
title = {L'assertivit√†},
publisher = {Pendragon},
place={Bologna}
year = {2005},
}

@Book{gruppo,
author = {Franco Nanetti},
title = {Counseling di gruppo},
publisher = {AIPAC},
place={Pesaro}
year = {2007},
}

@Book{potere,
author = {Franco nanetti},
title = {Le sembianze del potere},
publisher = {Quattroventi},
place={Urbino}
year = {2007},
}

@Book{intepersonale,
author = {Franco Nanetti},
title = {Counseling interpersonale integrato},
publisher = {AIPAC Edizioni},
place={Bologna}
year = {2006},
}

@Book{stili,
author = {Franco Nanetti},
title = {Stili relazionali},
publisher = {AIPAC},
place={Bologna}
year = {2005},
}

@Article{eliza,
author = {Joseph Weizenbaum},
title = {ELIZA--A Computer Program For the Study of Natural Language Communication Between Man and
Machine},
journal = {Communications of the ACM},
year = {1966},
volume = {9},
number = {1},
pages = {36--35},
month = {January},
}

@Article{eliza2,
author = {Gueven Guezeldere and Stefano Franchi},
title = {Dialogues With Colorful Personalities of Early \textsc{AI}},
journal = {Stanford Electronic Humanities Review},
year = {1995},
volume = {4},
number = {2},
}

@Book{weizenbaum,
author = {Joseph Weizenbaum},
title = {Computer power and human reason: from judgment to calculation},
publisher = {W. H. Freeman},
year = {1976}
}

@Misc{billings,
author = {Lee Billings},
title = {Rise of Roboethics},
howpublished = {seedmagazine.com},
month = {July},
year = {2007},
}

@Book{watzlawick,
author = {Paul Watzlawick},
editor = {},
title = {Il linguaggio del cambiamento},
publisher = {Feltrinelli},
year = {2007},
series = {Universale Economica},
edition = {5},
month = {dicembre},
}
